%%%%% 著者・表題はあるが公式な出版物ではないもの %%%%%%%%%%%%

@unpublished{WRLS,
	title = "{ADAPTAION OF GENERALIZED FEEDFORWARD FILTERS WITH APPLICATIONS TO SPEECH}",
	author = "Mohamed Y.Ismail",
	note = "\\ \texttt{http://www.cnel.ufl.edu/}",




%%%%% 参考書  HP･pdf %%%%%%%%%%%%
@misc{j_WordNet,
	title = "{日本語 {WordNet}}",
	note = "\\http://nlpwww.nict.go.jp/wn-ja/",
}

@book{book_wm,
	title = "機械学習プロフェッショナルシリーズ ウェブデータの機械学習",
	author = "ダヌシカ ボレガラ and 岡﨑直観 and 前原貴憲",
	publisher = "株式会社 講談社",
	year = "2016",
}


%%%%% 雑誌に掲載されてた論文 %%%%%%%%%%%%
@article{JRFirth,
	title = "A synopsis of linguistic theory 1930-55.",
	author = "J.R.Firth",
	journal = "Studies in Linguistic Analysis",
	year = "1957",
	pages = "1-32",
}

@article{terashima,
	title = "SVDを用いたn-gram確率の線形空間表現",
	author = "寺島志郎 and 武田一哉 and 板倉文忠",
	journal = "電子情報通信学会論文誌 D-II",
	year = "2000",
	number = "11",
	month="Nov",
	volume = "J-83-D-II"
	pages = "2388-2396",
}

%%%%% 学校や研究機関で出す技報 %%%%%%%%%%%%
@techreport{chasen,
	title = "日本語形態素解析システム『茶筅』version 2.2.3 使用説明書",
	author = "松本祐治 and 北内啓 and 山下達雄 and 平野善隆 and 松田寛 and 高岡一馬 and 浅原正幸",
	year = 2003
}

@techreport{juman,
	title = "日本語形態素解析システム『JUMAN』version 5.1 使用説明書",
	author = "黒橋禎夫 and 河原大輔",
	year = 2005
}

%%%%% 修士論文 %%%%%%%%%%%%

@mastersthesis{yotsutani,
	title = "共起語を介した文間の相互依存関係に基づく重要文抽出法の提案",
	author = "四ツ谷雅輝",
	school = "北海道大学大学院工学研究科",
	year = 2003,
}

@mastersthesis{ohshima,
	title = "判例文の論理展開と文を特徴付ける語の意味的類似性に基づく法律文要約手法の検討",
	author = "大島敦史",
	school = "北海道大学大学院工学研究科",
	year = 2005,
}
